@article{rudolph2023war,
  title={War of the chatbots: Bard, Bing Chat, ChatGPT, Ernie and beyond. The new AI gold rush and its impact on higher education},
  author={Rudolph, J{\"u}rgen and Tan, Shannon and Tan, Samson},
  journal={Journal of Applied Learning and Teaching},
  volume={6},
  number={1},
  year={2023}
}