@article{shogi,
  author          = {Kozo Masuda},
  journal         = {Type of 3rd file rook},
  number          = {4},
  title           = {Swinging Rook Magazine},
  volume          = {4},
  year            = {1989}
}